2962 5106
720 498 763 560 ta

235 710 394 773 Primum
408 710 513 773 dicam
525 709 564 773 de
576 728 738 791 eogenere
750 712 1053 792 interrogationum,
1066 708 1331 791 (qarodaandalios

153 818 285 882 quoque
310 800 563 863 usitatissimum
579 808 628 863 est
644 805 676 863 et
692 798 863 863 adhibetur
883 800 922 861 ad
940 800 1131 862 sententiam
1147 800 1331 879 negativam

150 898 200 951 aut
235 888 471 951 affirmativam
494 888 654 951 viridiore
678 906 716 951 ao
731 890 973 951 vehementiore
989 888 1093 949 forma
1107 887 1331 969 proferendam

150 978 242 1059 eique
295 976 437 1041 adiciam
474 976 635 1040 nonnulla
667 978 730 1040 alia
775 978 839 1039 huc
886 977 1095 1059 pertinentia,
1129 994 1211 1057 quae
1246 995 1331 1039 eorn-

149 1068 387 1129 memoratione
416 1066 514 1147 digna
537 1071 628 1141 sunt;
663 1065 779 1129 deinde
812 1084 989 1148 exponam.
1012 1064 1175 1146 quomodo
1200 1071 1230 1128 et
1254 1086 1331 1148 qua-

149 1168 243 1218 tenus
281 1159 398 1237 poetae
422 1155 590 1217 enuntiata
618 1156 847 1237 interrogativa
883 1174 940 1237 pro
974 1153 1046 1216 aliis
1074 1155 1142 1216 sire
1170 1154 1331 1217 condicio-

148 1244 284 1307 uadibus
327 1244 397 1307 sire
419 1243 631 1306 adhortatiris
670 1243 872 1306 similibusre
912 1242 1119 1306 adhibuerint
1156 1245 1333 1325 pauc-isque

107 1406 109 1411 Ι
146 1332 331 1405 absolvam.¹
348 1350 431 1414 quae
438 1332 801 1395 connnemorandasunt
814 1333 852 1395 de
863 1334 904 1394 iis
918 1330 1236 1414 interrogationibus,
1251 1352 1333 1414 aquae

107 1420 109 1427 '
145 1426 326 1484 transeunt
354 1421 389 1482 in
412 1422 480 1483 rim
496 1422 656 1485 enuntiati
673 1421 895 1497 exclamatirig
912 1436 982 1483 tum
999 1421 1155 1483 nonnulla
1172 1420 1333 1502 proferam

145 1510 184 1573 de
209 1510 440 1593 responsione,
463 1528 545 1591 quae
569 1510 729 1573 rhetorico
753 1511 847 1573 modo
866 1511 973 1573 statim
984 1511 1230 1592 interrogationi
1244 1514 1333 1573 ante·

143 1599 280 1663 cedenti
304 1598 451 1663 adicitur.

243 1686 463 1769 iuterrogatio
493 1722 533 1732 —-
559 1706 642 1769 (lurae
672 1706 738 1750 non
763 1687 935 1751 adhibetur
958 1694 995 1751 ut
1019 1688 1099 1770 quid
1123 1688 1165 1750 sit
1188 1695 1243 1749 taut
1269 1706 1333 1749 non

147 1778 192 1839 sit
222 1782 446 1859 cognoscatur
469 1780 501 1839 et.
523 1777 690 1857 responsio
715 1775 890 1857 flagitetur,
920 1778 977 1839 sed
1006 1783 1043 1839 ut
1066 1776 1155 1839 aliud
1180 1776 1335 1858 quiddam

146 1866 359 1949 exprimatur
383 1864 536 1928 alacriore
552 1882 590 1926 ao
607 1865 846 1928 vehementiore
871 1867 931 1930 ie.
948 1866 1109 1928 rhetorico
1125 1866 1231 1946 modo,
1248 1865 1335 1947 ‹paid

148 1956 186 2017 iu
221 1954 367 2036 simplici
398 1954 541 2017 oratione
571 1955 641 2016 sine
679 1955 934 2035 interrogatione
965 1955 1028 2016 dici
1056 1960 1161 2037 potest
1185 1990 1226 1998 -
1250 1955 1336 2016 inter

149 2044 395 2106 sententiarum
416 2040 537 2126 figuras
555 2046 709 2127 (σχήματα
733 2042 873 2121 διανοίας)
898 2051 1088 2106 numeratur
1104 2047 1135 2106 et
1151 2043 1272 2105 eximia
1287 2048 1337 2105 est

150 2150 230 2215 pars
259 2132 378 2214 poetici
403 2133 593 2213 argumenti.
641 2130 721 2205 Quis
744 2132 1087 2195 enimnonconcedat-
1108 2131 1336 2194 benedicendi

149 2222 295 2283 formam
326 2226 358 2283 et
381 2218 563 2283 oratoribus
596 2225 628 2282 et
649 2222 751 2303 pactis
781 2222 973 2284 familiarem
996 2221 1136 2283 multum
1161 2221 1267 2283 ralero
1296 2220 1336 2282 ad

151 2308 384 2371 exornandam
410 2310 582 2371 orationem
608 2316 639 2371 ct
663 2310 843 2390 erigendam
868 2317 899 2372 et
923 2309 1205 2391 amplificandam?

250 2396 313 2461 Sed
342 2402 516 2479 antequam
551 2398 734 2460 accedimus
764 2399 803 2461 ad
832 2400 1028 2481 propositam
1058 2416 1126 2461 rem
1152 2401 1255 2480 ipsam
1283 2399 1336 2460 ad-

155 2486 384 2565 umbrandam,
413 2505 517 2568 pauca
532 2488 566 2548 in
582 2488 775 2549 urrirersum
792 2487 1032 2569 disputabimus
1045 2487 1084 2549 de
1100 2488 1141 2549 iis
1158 2488 1336 2569 interroga-

156 2573 319 2651 tionibus,
343 2593 425 2658 qaae
440 2576 600 2637 rhetorico
618 2576 758 2657 quodam
773 2577 868 2639 modo
893 2576 1089 2639 adhibentur
1111 2576 1336 2658 nonnullaque

159 2662 263 2727 rerba
301 2682 528 2747 proponemus,
565 2664 685 2745 quibus
720 2666 1009 2747 interrogationum
1052 2666 1138 2748 apud
1177 2666 1336 2746 elegiacos

157 2760 273 2835 poetas
308 2752 436 2815 indoles
471 2754 653 2815 accuratius
689 2762 911 2835 cognoscatur.
966 2754 1150 2817 Permultae
1178 2755 1266 2817 enim
1295 2772 1336 2815 ex

159 2842 286 2923 elegiae
309 2846 435 2904 tantum
458 2842 561 2924 ipsius
586 2842 617 2901 ri
642 2860 679 2903 ao
701 2847 815 2905 natura
840 2842 995 2925 explicari
1019 2852 1164 2925 possunt.

250 2928 440 3013 Elegiaeum
454 2936 581 3012 poetam
604 2949 730 3012 semper
743 2930 866 3015 aliquid
878 2931 996 2995 habere
1013 2951 1077 3013 quo
1095 2936 1337 2994 commorentur

159 3054 203 3063 -
241 3019 339 3081 totius
368 3019 544 3101 elegiarum
579 3020 708 3101 generis
736 3022 901 3103 proprium
925 3021 959 3083 id
988 3025 1046 3101 est,
1074 3020 1160 3101 quod
1187 3020 1337 3103 cogitatio

161 3115 288 3189 pugnat
306 3125 379 3169 cum
392 3125 489 3171 sensu
502 3144 544 3152 —
561 3114 591 3169 et
606 3108 673 3170 fere
686 3126 812 3191 semper
827 3110 861 3171 111
878 3128 986 3171 rerum
1003 3111 1143 3190 imagine
1156 3109 1278 3190 aliquid
1289 3110 1340 3170 in-

160 3196 277 3259 venire
289 3196 436 3259 tristitiae
449 3206 479 3259 et
492 3195 667 3277 molestiae,
684 3198 770 3278 quod
787 3199 928 3261 multum
940 3198 1043 3261 raleat
1057 3197 1096 3259 ad
1109 3198 1341 3260 concitandum

161 3294 259 3363 atque
282 3284 510 3347 exacuendum
533 3304 628 3347 nemo
660 3285 798 3367 negabit.
845 3285 884 3348 In
908 3289 1096 3350 memoriam
1124 3288 1223 3349 velim
1251 3304 1341 3349 rero·
1404 3340 1407 3347 ,

161 3392 275 3435 cemus
295 3372 379 3435 illud
403 3372 613 3436 Ovidianum:

233 3458 336 3541 ,Quod
359 3464 459 3539 iurat,
487 3464 652 3544 exiguum.
675 3463 750 3545 plus
774 3472 832 3544 est,
856 3464 942 3546 quad
965 3465 1067 3527 laedat
1095 3463 1273 3526 amantem'

256 3548 347 3624 Quae
372 3552 514 3613 comita
539 3553 612 3619 sint,
637 3551 769 3634 elegiaci
792 3559 903 3636 poetae
921 3572 995 3635 prao
1020 3555 1134 3616 ceteris
1150 3555 1182 3615 111
1202 3553 1342 3633 querelis

163 3640 372 3721 potissimum
397 3642 675 3723 querimoniisque
704 3660 778 3703 111111
807 3642 1017 3705 delectatione
1041 3647 1221 3720 versantur,
1248 3662 1339 3704 rranr:

301 3726 443 3803 ,Flebilis
467 3734 505 3791 ut
521 3734 632 3792 noster
648 3736 752 3792 stritus
768 3739 825 3794 est.
851 3732 892 3793 'ta
916 3730 1024 3793 tlebile
1048 3750 1194 3795 carmen:

343 3814 497 3880 Materiae
521 3821 640 3900 scripto
665 3821 879 3882 conveniente
903 3822 1000 3882 suae?

163 3902 660 3987 (ffimffidffihbdw

258 3992 416 4069 Querelne
439 3996 540 4078 igitur
570 4003 648 4058 sunt
673 3997 902 4061 usitatissimae.
933 3998 1116 4080 optimeque
1141 3997 1342 4058 conreniunt.

163 4082 328 4165 elegiacne
359 4103 494 4166 poeseos
522 4086 663 4167 ingenio,
722 4084 811 4160 tluao
846 4098 953 4149 autem
988 4087 1143 4148 orationi-s
1168 4084 1271 4146 t'orrna
1300 4085 1340 4146 ad

162 4173 377 4255 praecipitem
407 4174 531 4256 ingenii
559 4173 770 4238 nrobilitatem
807 4177 973 4257 anirniqno
1002 4182 1125 4237 motum
1154 4194 1191 4236 aa
1215 4186 1341 4255 pertur-

161 4261 331 4325 bationem
368 4262 638 4325 accommodatior
672 4282 743 4327 esso
770 4272 875 4345 potest
905 4283 941 4327 ac
968 4262 1135 4346 pulchrior
1171 4282 1268 4343 quam
1293 4264 1342 4323 in-

161 4351 359 4433 terrogatio,
393 4370 475 4432 quae
508 4351 729 4415 vehementior
764 4360 795 4414 et
828 4354 1013 4432 ncrrosior,
1049 4371 1132 4433 quae
1156 4349 1341 4415 etl'icacior?

160 4438 339 4503 Eiusmodi
355 4441 505 4520 querelae
521 4459 560 4503 ex
579 4441 693 4503 acerbo
718 4447 749 4503 et
772 4440 871 4504 tlehili
896 4442 1007 4505 dolore
1030 4440 1191 4523 profectae
1216 4439 1340 4503 etiamsi
