2962 5106
58 724 158 807 quod
194 726 324 807 saepius
363 725 512 807 qrnunvis
547 745 605 807 per
639 744 673 788 se
704 742 981 806 supervacaneum
1017 725 1059 786 sit
1087 724 1184 788 efficit
1213 732 1249 788 ut

58 833 188 897 magna
214 832 288 877 eum
311 814 345 874 vi
368 814 599 895 pronuntietur
624 813 769 888 verbum,
793 814 847 874 oui
871 812 1016 874 additum
1040 820 1095 875 est.

159 920 351 1003 Propertius
365 919 455 982 solus
465 919 617 1003 idemque
633 920 731 983 semel
748 921 783 981 in
798 920 905 1001 priore
917 919 1147 982 disiunctionis
1159 926 1251 1003 parte

58 1010 265 1094 particulam
282 1010 399 1089 omisit,
423 1010 533 1091 posuit
549 1008 610 1089 ‚an'
627 1009 863 1071 disinrretivum
879 1007 1075 1070 vocabulum
1092 1009 1127 1070 in
1143 1016 1249 1092 poste-

59 1101 155 1162 riore
180 1104 280 1181 purte,
303 1098 341 1160 ef.
374 1096 433 1173 ΠΙ,
463 1096 494 1178 5,
523 1097 565 1161 39
597 1097 766 1180 usquead
795 1097 847 1160 46.
895 1096 988 1171 Quod
1011 1101 1049 1158 ut
1071 1098 1189 1162 melius
1219 1104 1250 1161 et

59 1188 201 1251 tar-ilius
214 1186 431 1270 intellegatur,
447 1191 552 1248 totum
567 1187 676 1250 loeum
693 1186 876 1250 exscribere
891 1186 972 1247 mihi
987 1185 1096 1264 lieeat3
1116 1187 1148 1248 in
1165 1208 1193 1248 v.
1207 1187 1250 1249 Ξῖ)

61 1277 234 1341 antecedit
256 1275 393 1339 verbum
418 1275 628 1357 ‚pe1·diseere',
652 1296 692 1339 ex
718 1295 782 1358 quo
806 1275 947 1357 pendent
973 1274 1006 1335 hi
1029 1294 1096 1335 vu:

204 1382 267 1447 Sao
291 1384 382 1446 terris
404 1384 469 1445 sint
492 1384 564 1446 imo
586 1384 675 1446 rlruur
701 1387 729 1447 et
752 1387 901 1446 tormento
929 1380 1110 1463 (liquatam,

250 1472 431 1552 Tisiphones
453 1476 521 1535 utro
544 1472 572 1533 si-
593 1472 675 1553 furit
697 1492 798 1553 onprre
821 1475 923 1550 (aqut,

203 1561 271 1624 Aut
291 1560 509 1625 rilerrroeonioo
530 1561 635 1641 fruiae
658 1565 714 1625 aut
736 1560 855 1624 ieluaio
877 1560 1000 1635 Pleraei,

249 1649 335 1713 Nroa-
359 1654 434 1726 rotu,
457 1670 531 1712 uara
556 1649 680 1731 scopuli,
703 1671 779 1713 naun.
803 1649 872 1711 sitis
896 1650 975 1711 iri-ter
996 1669 1106 1729 uqrum,

198 1738 284 1801 dion
306 1738 405 1801 tribus
429 1739 585 1819 latei-aaa
610 1740 741 1803 ensal-ld
762 1738 907 1820 {rtrrribus
930 1740 1056 1801 animun

255 1826 412 1904 Cerberus
435 1832 463 1890 rt
488 1828 517 1889 T
516 1828 575 1909 itpo
599 1828 705 1909 lupera·
728 1832 832 1907 opertu
855 1847 968 1903 amem,

207 1917 258 1979 Aa
280 1918 354 1996 sirio
378 1916 412 1979 ia
436 1917 564 1979 »assuas
587 1917 742 1980 deseendit
763 1914 874 1997 lilledo
896 1916 1004 1996 paretis,

249 2005 295 2069 Et
317 2005 408 2068 tirum·
430 2005 507 2068 lutat
529 2004 615 2068 ultro
638 2026 732 2086 quma
756 2025 849 2085 rapas
872 2025 935 2066 esse
951 2007 1059 2083 potest.

165 2110 270 2187 Quem
292 2112 401 2175 locum
424 2117 520 2193 reete,
544 2114 667 2195 opinor,
689 2111 975 2195 interpretabimur
997 2113 1040 2174 ita
1065 2116 1102 2173 ut
1125 2116 1252 2194 poetam

70 2202 256 2267 sententiae
279 2202 314 2263 in
337 2202 443 2287 priore
472 2206 560 2283 parte
586 2202 779 2284 generaliter
809 2201 951 2284 prolatae
976 2201 1016 2280 (v.
1041 2200 1094 2277 39)
1118 2202 1252 2263 interro-

69 2288 263 2375 gationibus
288 2290 501 2373 sequentibus
526 2293 566 2369 (v.
590 2289 734 2370 clo-44)
758 2291 991 2353 accuratiorem
1015 2308 1052 2351 ao
1075 2290 1253 2371 pleniorem

70 2380 326 2463 explicationem
349 2379 540 2442 adiunxisse
564 2380 798 2455 existimemus,
823 2400 888 2462 qua
910 2379 1069 2461 posterior
1085 2380 1253 2459 interrrog.

71 2470 149 2551 disj.
177 2488 252 2551 pars
282 2468 505 2531 antecedentia
540 2469 648 2531 omnia¹
684 2468 899 2551 complectens
928 2467 1117 2529 retardetur.
1142 2503 1183 2511 —
1209 2482 1254 2529 nn

70 2568 104 2621 et
136 2573 183 2623 ne
211 2558 378 2640 repititum
410 2558 597 2620 invenimus
637 2558 775 2641 singulis
810 2558 891 2619 loeis
928 2555 1013 2639 apud
1041 2554 1194 2637 Lygdum.
1226 2556 1255 2636 1,

71 2647 119 2711 20
144 2652 177 2709 ot
199 2646 234 2709 in
257 2644 377 2729 Sulpio.
401 2647 478 2729 eleg.
502 2645 532 2723 4,
557 2646 607 2709 20.

168 2751 214 2798 an
235 2754 294 2818 per
315 2733 467 2820 ἀναφορὰν
489 2736 632 2818 positum
655 2739 762 2798 exstat
785 2734 870 2816 apud
890 2732 993 2815 Lygd.
1018 2734 1046 2815 1,
1069 2732 1113 2796 20
1136 2736 1250 2813 (totum

71 2827 189 2889 locum
211 2823 363 2906 udp0n0):

283 2928 347 2994 Idu
370 2930 448 2993 ardel
469 2932 587 3012 refert,
611 2932 640 2993 si
660 2931 759 2993 nostri
781 2934 890 2993 ratden
914 2951 991 2991 rure
1014 2931 1066 3003 est,

328 3018 383 3082 Aa
405 3020 515 3096 rru'uor,
537 3041 582 3081 un
605 3023 662 3083 loto
679 3024 800 3099 pretore
823 3018 993 3082 ‹lerulrrr'ua

169 3126 241 3190 Hoe
264 3127 336 3189 loeo
361 3146 437 3188 eum
468 3126 558 3188 codd.
582 3125 799 3188 Ambrosiano
828 3130 859 3188 et
877 3125 1035 3187 Vatieano
1062 3143 1112 3203 ,an
1135 3122 1254 3185 minor'

75 3238 148 3283 non
173 3236 249 3279 enm
265 3214 522 3294 Guelferbytano
540 3214 705 3297 ,rnaneam'
721 3214 897 3297 legendum
913 3220 1002 3296 puto.
1040 3211 1073 3275 Si
1090 3211 1257 3292 ‚nmneum’

75 3308 236 3390 legimns,
272 3304 374 3367 totius
407 3322 523 3367 versus
556 3303 673 3367 faeiem
706 3309 738 3367 ot
767 3322 915 3382 sensum,
950 3307 986 3364 ut
1015 3301 1095 3362 mihi
1126 3300 1258 3383 quidem

75 3395 223 3471 ridetur,
249 3395 469 3457 immutamus
527 3390 610 3455 Satis
640 3393 776 3455 moleste
812 3392 852 3454 ad
882 3389 1047 3472 ,araneam'
1078 3391 1157 3452 haee
1190 3388 1257 3451 fere

76 3483 183 3549 verba
198 3481 379 3565 supplenda
396 3486 520 3545 essent:
538 3482 581 3562 ,in
599 3482 709 3545 eadem
726 3482 945 3543 familiaritate
963 3499 1026 3562 qua
1045 3478 1149 3540 antea*
1174 3479 1206 3557 (i.
1232 3496 1257 3538 e.

75 3572 195 3639 eadem
216 3570 238 3636 f.
257 3575 330 3633 ntur
346 3589 410 3652 qna
427 3572 543 3650 antea),
566 3570 698 3633 eumad
716 3569 841 3651 ,minor'
858 3569 1003 3651 vulgaris
1026 3572 1123 3649 atque
1139 3568 1260 3630 usitata

75 3661 175 3727 verbi
203 3658 401 3723 substantivi
431 3658 555 3741 ellipsis
588 3659 686 3721 faoile
721 3678 758 3721 ae
787 3659 978 3740 simpliciter
1012 3660 1172 3719 statuatur
1204 3661 1261 3718 ant

77 3754 153 3815 sine
184 3749 316 3831 negotio
345 3766 388 3810 err
416 3747 630 3830 sequentibus
655 3748 763 3810 faetus
781 3747 853 3810 sinr'
871 3745 1148 3827 subintellegatm·.
1194 3742 1257 3807 Sed

76 3857 198 3904 omnes
220 3838 287 3900 fere
308 3837 501 3919 interpretes
521 3838 556 3897 in
580 3837 680 3900 altera
702 3842 793 3919 parte
808 3857 837 3901 v.
857 3837 897 3898 19
914 3833 1106 3917 explicanda
1122 3834 1208 3895 inter
1228 3851 1262 3895 se

10 3996 12 4003 ,
76 3923 1260 4007 consentiuntenuntiatnmper‚si'prolatumiudicantesinterrogativum.

74 4014 375 4099 Interrogationem
393 4013 560 4095 obliquam
583 4014 699 4077 volunt
723 4034 793 4077 esse
817 4004 1036 4076 trimembrem
1060 4016 1126 4073 tres
1142 4009 1261 4092 gradus

10 4100 16 4135 '¹
75 4114 112 4173 et
127 4122 289 4171 aseensus
312 4103 347 4164 in
364 4120 472 4165 amore
487 4108 652 4184 ponentes.
691 4104 736 4165 At
751 4103 829 4165 haee
847 4101 1018 4163 divisionis
1034 4100 1262 4162 mathematica

74 4196 181 4281 qnasi
220 4191 384 4257 subtilitas
412 4191 487 4254 licet
518 4191 688 4254 nonnullis
719 4191 848 4275 elegans
875 4189 1037 4268 videatur,
1073 4188 1262 4270 praesertim

73 4304 160 4351 uum
185 4282 252 4345 duo
275 4279 419 4344 membra
434 4280 516 4343 bene
531 4280 747 4362 respondeant
763 4278 903 4360 ,eoniux'
921 4284 951 4341 et
968 4276 1076 4357 ,soror'
1093 4275 1261 4339 vocabulis

72 4370 311 4459 sequentibus,
332 4374 440 4432 tamen
456 4368 570 4451 putida
592 4376 650 4451 est,
674 4373 710 4432 ut
728 4370 792 4431 iam
808 4368 959 4447 Hevnius
976 4371 1062 4428 reete
1079 4365 1263 4427 observavit

70 4474 107 4531 et
149 4456 376 4543 comprobavit
412 4456 593 4521 Dissenius.
651 4458 824 4541 Exempla,
874 4475 956 4538 quae
995 4454 1188 4517 Huselrkins
1227 4454 1262 4514 in
