2962 5106
172 1652 342 1763 Libellos
369 1698 407 1761 de
433 1698 586 1761 omnibus
609 1698 674 1761 fere
699 1698 889 1781 linguarum
912 1695 1046 1760 Latinae
1070 1702 1102 1760 et
1126 1697 1267 1761 Graeoae

121 1792 188 1851 bus
218 1788 438 1871 grammaticis
467 1786 643 1868 permultos
673 1805 744 1849 esse
772 1787 808 1849 in
831 1786 936 1868 iisque
963 1805 1031 1849 non
1059 1805 1198 1869 paucae,
1225 1806 1267 1849 ex

121 1879 215 1941 ribus
240 1888 276 1939 ut
299 1896 341 1939 ex
365 1874 510 1939 fontibus
528 1894 639 1939 onmes
654 1876 678 1937 ii
694 1876 826 1938 haurire
844 1875 980 1957 possint,
1003 1876 1059 1957 qui
1072 1876 1112 1937 ad
1128 1876 1267 1939 alieuius

123 1968 211 2031 teris
240 1965 405 2047 scriptoris
435 1965 730 2047 interpretationem
759 1964 927 2038 accedant,
961 1966 1039 2026 satis
1067 1972 1117 2028 est
1144 1970 1268 2027 notum.

121 2076 127 2119 :
155 2056 241 2117 alios
264 2056 351 2116 uiros
375 2053 496 2133 doctae,
521 2055 577 2135 qui
601 2054 781 2135 plurimum
798 2071 912 2135 operae
937 2053 1104 2135 studiique
1128 2054 1163 2115 in
1186 2058 1268 2115 trao-

121 2145 201 2207 ndis
213 2144 311 2206 rebus
322 2143 541 2225 grammaticis
553 2147 834 2224 consumpserunt,
847 2143 1006 2204 omittam:
1024 2142 1064 2203 Α.
1077 2138 1269 2225 Draegerus,

130 2234 174 2297 d..
189 2251 226 2295 eo
241 2231 331 2303 libro,
348 2230 673 2313 quem„Historisolre
685 2230 811 2310 Syntar
823 2230 879 2293 der
888 2230 1099 2293 lateinisclren
1112 2230 1268 2314 Spraclre“

124 2322 270 2403 scripsit,
300 2340 366 2384 non
390 2320 630 2403 neglegendum
654 2320 844 2382 thesaurum
860 2320 1089 2401 quaestionarii
1111 2339 1269 2402 gramma·

121 2430 235 2473 mrum
259 2410 447 2491 oorrrposnit.
494 2408 559 2471 Sed
575 2410 627 2470 rir
648 2409 704 2471 ille
728 2409 842 2471 cliretus
865 2410 899 2470 in
923 2409 990 2471 illis
1005 2408 1270 2472 inst'tutionibus

121 2499 315 2562 ammatiois
338 2498 517 2560 nonnullos
533 2498 622 2560 lOCOS
647 2534 688 2543 -
713 2497 747 2559 id
772 2497 858 2579 quod
882 2516 922 2559 ex
949 2499 1105 2561 immonsa
1128 2499 1270 2573 materia,

121 2607 196 2652 ram
221 2586 420 2649 tractandam
443 2586 506 2648 sibi
522 2587 699 2669 proposuit,
722 2585 816 2649 laone
833 2586 1032 2669 intellegitur
1048 2623 1090 2631 --
1107 2606 1174 2649 non
1191 2587 1270 2649 satis

128 2679 273 2758 ligenter
296 2679 455 2756 cauteque
479 2680 633 2738 tractasse
656 2675 794 2755 ridetur,
822 2676 971 2737 omisisse
995 2676 1184 2749 norrnullos,
1213 2676 1271 2757 qui

121 2786 183 2829 uos
219 2764 405 2827 accuratius
445 2764 688 2827 consideremus
724 2763 816 2845 digni
849 2768 934 2827 sunt.
992 2762 1161 2826 Praeterea
1196 2783 1272 2825 cum

121 2856 246 2935 ‚erique
270 2872 393 2933 eorum,
417 2854 474 2934 qui
496 2854 532 2913 in
550 2852 797 2934 quaestionibus
812 2853 1032 2934 grammaticis
1052 2853 1169 2914 versati
1186 2857 1272 2932 sunt,

121 2943 284 3007 clrolarum
300 2942 461 3004 rationem
484 2940 668 3019 habuerint,
691 2960 758 3003 non
782 2947 830 3003 est
854 2940 942 3023 quod
957 2942 1113 3003 miremur
1129 2941 1203 3004 illos
1219 2961 1273 3005 rr.

121 3042 214 3095 octos
239 3035 275 3093 ut
299 3049 411 3093 eorum
433 3031 641 3112 potissimum
665 3032 867 3112 scriptorum,
891 3048 973 3112 quos
990 3030 1142 3093 classicos
1166 3030 1273 3113 appel·

121 3140 225 3197 imus,
265 3119 419 3201 loquendi
455 3137 556 3181 usum
589 3120 727 3201 eiusque
759 3120 865 3181 rarius
901 3124 1081 3181 structuras
1116 3120 1275 3202 exemplis

121 3212 306 3273 lustrarent
339 3213 370 3270 et-
406 3208 618 3289 explanarent
653 3206 810 3270 laudabili
847 3208 1053 3270 contentione
1082 3208 1275 3271 elaborasse.

121 3298 201 3360 'nde
224 3296 346 3359 factum
370 3300 479 3358 estut
502 3296 541 3359 de
561 3298 689 3378 proprio
714 3290 843 3359 dicendi
866 3315 930 3357 usu
947 3316 1022 3358 cum
1042 3296 1181 3360 aliorum
1204 3304 1273 3360 tum

121 3392 184 3463 Lus,
204 3403 287 3467 quae
298 3385 468 3466 Augustea
484 3384 613 3447 dicitur.
630 3386 742 3447 aetatis
755 3390 930 3467 poetarum,
947 3390 1106 3467 quantum
1122 3386 1275 3468 equidem

121 3475 288 3539 ¹sistimare
323 3493 466 3557 possum,
504 3474 675 3556 angustius
713 3478 885 3536 tractatum
925 3478 956 3535 et
992 3474 1193 3556 disputatum
1224 3475 1273 3538 sit.

121 3582 217 3646 aque
233 3563 423 3645 praesertim
437 3580 512 3624 cum
528 3562 594 3624 iam
607 3561 730 3624 dullum
743 3560 898 3642 Catullus,
912 3560 1072 3643 Tibullus,
1086 3563 1275 3645 Propertius

149 3662 302 3715 auctores
327 3652 407 3727 sint,
430 3668 471 3713 er
496 3669 636 3732 quorum
658 3652 878 3713 monumentis
900 3652 1026 3733 ingenii
1048 3652 1277 3734 pulcherrimis

121 3760 257 3824 ragnum
281 3741 372 3823 capio
390 3738 636 3803 delectationem
653 3758 793 3822 eumque
809 3739 867 3803 lios
883 3746 993 3823 poetas
1010 3741 1177 3821 elegiacos
1194 3759 1276 3823 quos

121 3830 356 3912 iligerrtissime
374 3829 511 3910 cognori
527 3847 634 3911 neque
650 3847 667 3891 e
682 3828 835 3891 manibus
852 3828 989 3907 dimitto,
1010 3847 1050 3891 ox
1067 3831 1278 3911 grammatica

121 3919 266 4003 nprimis
282 3923 313 3979 et
329 3917 488 3981 rhetorica
503 3918 628 3979 ratione
644 3917 843 4000 perlegerim,
858 3917 937 3979 rrribi
955 3935 1022 3978 non
1038 3936 1275 4000 supervacanea

121 4018 203 4091 tque
220 4005 346 4069 inutilis
363 4006 494 4069 ridetur
515 4006 764 4087 quaestiuncula
786 4005 825 4068 de
840 4006 1019 4068 errant-iulis
1034 4006 1276 4089 interrogativis

121 4094 192 4181 pud
215 4094 288 4156 illos
311 4099 422 4177 poetas
445 4094 610 4175 elegiacos.
654 4094 742 4157 Illud
765 4112 878 4157 moneo
896 4096 1028 4157 omnino
1044 4094 1276 4179 descriptiones

121 4184 407 4264 iterropatiouum,
431 4182 517 4264 (quod
535 4183 643 4263 seiam,
666 4202 844 4266 perpaucas
868 4202 939 4247 esse
963 4184 1014 4246 rel
1029 4188 1136 4266 potius
1160 4184 1276 4247 nullas.

121 4284 216 4355 tque
240 4272 281 4334 ob
306 4290 375 4334 eam
398 4272 502 4353 ipsam
526 4289 657 4333 causum
681 4272 760 4333 milri
784 4272 862 4334 satis
886 4273 1107 4335 exeusationis
1130 4277 1277 4355 paratum

121 4374 194 4438 uto,
217 4360 306 4443 quod
325 4360 489 4423 interdum
505 4358 707 4424 abundanter
722 4367 753 4423 et
769 4360 899 4444 copiose
915 4362 954 4424 de
969 4360 1278 4443 interrogationibus

121 4474 134 4515 r
164 4452 359 4513 universum
382 4448 552 4531 disputari.

1104 4573 1116 4621 l

521 4958 818 5071 264008
