2962 5106
640 615 646 621 .
728 523 854 621 3l.„.

151 736 333 820 diligenter
358 736 582 818 observarunt,
605 743 717 821 poetae
741 744 849 801 autern
872 738 907 799 in
931 738 1185 818 interrogatione
1202 737 1335 821 obliqua

89 848 91 889 ὲ
151 825 368 890 violaverunt
391 845 640 909 nonnumquam
651 828 684 906 1).

248 929 337 1007 Quid
364 932 500 1013 mirum,
541 933 569 995 si
598 932 685 1015 apud
712 932 918 1015 Propertium
952 932 1123 1015 aliquoties
1158 937 1333 1014 utrumque

152 1020 296 1084 modum
333 1021 369 1082 in
405 1039 472 1083 uno
508 1020 686 1103 eodemque
721 1023 862 1085 circmtu
901 1021 1084 1084 adhibitum
1123 1021 1332 1084 invenimus?

89 1106 92 1113 '
153 1106 265 1184 Quam
289 1115 387 1173 tenue
401 1110 454 1172 'sit
477 1129 514 1171 ac
536 1129 639 1192 paene
662 1110 792 1173 nullum
815 1112 899 1176 inter
923 1111 1172 1174 coniunctivum
1195 1115 1226 1174 et
1248 1109 1333 1172 indi-

153 1199 302 1261 cativum
327 1197 512 1274 discrimen,
540 1199 747 1262 luculentum
771 1200 956 1283 exemplum
983 1198 1114 1282 praebet
1143 1198 1331 1282 Propertius

157 1288 193 1348 iu
219 1286 305 1350 libre
328 1285 387 1367 Ill,
417 1286 448 1368 5,
470 1286 514 1350 25
543 1289 714 1370 usquead
743 1308 773 1348 v.
796 1288 850 1370 46,
882 1288 940 1352 ubi
970 1307 1200 1370 agnoscemus,
1237 1308 1334 1370 quam

156 1374 262 1439 libere
284 1381 433 1439 versatus
463 1377 562 1438 sitin
584 1376 754 1439 modorum
771 1379 1022 1441 commutatione
1033 1378 1066 1457 2).
1112 1374 1207 1452 Quod
1229 1395 1334 1459 genus

159 1464 294 1527 <licendi
317 1464 527 1547 repetendum
552 1470 601 1528 est
623 1467 741 1548 partim
764 1484 806 1529 ex
831 1466 938 1529 studio
964 1466 1118 1528 orationis
1136 1470 1334 1528 structuram

156 1553 322 1633 variandi,
335 1554 453 1636 partim
470 1573 512 1617 err
527 1572 642 1617 versus
659 1555 884 1618 commoditate
893 1556 947 1618 vel
962 1556 1161 1618 necessitate.
1198 1551 1335 1616 Omnem

156 1659 290 1725 operam
305 1662 502 1725 quamquam
519 1642 671 1706 dederam
684 1649 720 1706 ut
731 1645 928 1727 invenirem,
945 1644 1067 1726 quibus
1084 1642 1332 1705 condicionibus

156 1729 367 1812 indicativus,
384 1730 504 1814 quibus
522 1733 753 1796 coniunctivae
769 1735 895 1816 positus
911 1732 1086 1813 viderem,
1102 1738 1210 1809 tamen
1227 1731 1335 1794 eleum

156 1826 190 1882 et
220 1837 349 1902 operam
381 1839 433 1883 me
461 1820 642 1903 perdidisse
668 1822 856 1905 intellegere
886 1827 1018 1885 coactus
1054 1840 1142 1902 sum,
1178 1819 1266 1902 quod
1293 1819 1333 1882 ad

155 1913 280 1970 certam
303 1909 448 1992 regulam
471 1911 645 1993 utriusque
668 1910 756 1973 modi
779 1931 859 1975 usus
883 1911 986 1993 redigi
1001 1910 1093 1972 nullo
1109 1913 1203 1994 pacto
1219 1912 1334 1991 potest.

155 1995 327 2060 Praeterea
361 1997 399 2060 ef.
433 1998 518 2081 apud
553 2000 692 2063 eundem
724 2005 851 2083 poetam
882 1999 925 2080 Il,
962 1998 1012 2079 16,
1047 1998 1090 2062 29
1125 2003 1157 2063 et
1189 1995 1247 2076 30;
1281 1996 1334 2077 30,

155 2085 203 2148 ‘29
239 2096 271 2148 et
299 2085 357 2164 30;
393 2086 445 2163 34,
479 2086 522 2151 33
559 2108 627 2172 sqq.
678 2087 824 2153 Catullus
857 2108 1031 2172 nusquam,
1066 2088 1132 2150 nisi
1163 2086 1265 2159 fallor,
1299 2087 1335 2147 in

153 2175 411 2325 ilrIiterrogatione
439 2175 572 2259 obliqua
594 2179 810 2241 indicativum
837 2180 960 2261 posuit,
984 2196 1049 2240 uno
1072 2178 1143 2240 loco
1170 2174 1335 2255 Tibullus,

192 2262 336 2341 .4,18:

343 2369 406 2433 Nec
428 2371 528 2451 refero
550 2370 681 2452 solisque
703 2372 771 2436 'eiras
794 2376 822 2436 ct
843 2370 955 2453 pareda,
978 2371 1031 2434 ‘arbi
1053 2369 1153 2434 orbern

395 2474 568 2557 Compluvii,
594 2478 687 2541 crusis
710 2479 806 2542 Luae
829 2479 962 2542 recurrit
983 2477 1077 2558 equis.

249 2597 398 2664 Ceterum
422 2604 653 2666 coniunctivae
677 2622 757 2667 num
787 2605 820 2666 in
846 2609 933 2668 recta
957 2620 1087 2686 quoque
1111 2602 1254 2663 oratioue
1277 2619 1337 2684 po-

152 2688 287 2753 nendus
315 2689 428 2770 fuerit,
463 2697 612 2755 accurate
640 2692 818 2756 videndum
847 2698 902 2757 est.
962 2695 1070 2775 Atque
1098 2691 1215 2753 horum
1252 2708 1334 2771 quos

154 2778 320 2862 appellare
335 2798 510 2863 possumus
534 2781 699 2843 absolutos
720 2783 1006 2844 coniunctivorum
1027 2780 1214 2842 invenimus
1230 2797 1335 2840 unum

154 2867 356 2950 exemplum,
379 2870 624 2932 coniunctivum
647 2871 855 2952 potentialem
872 2871 923 2934 vel
938 2872 1047 2952 potius
1071 2869 1234 2930 iussivurn
1250 2866 1336 2949 apud

153 2954 259 3038 Lygd.
287 2959 313 3035 l,
336 2957 370 3019 5:

332 3061 444 3141 Dicite,
467 3063 617 3140 Pierides,
640 3085 772 3144 quereum
797 3065 927 3129 donetur
949 3063 1061 3129 laetiore
1085 3112 1091 3126 .
1116 3112 1122 3124 .
1149 3113 1155 3125 .

156 3186 288 3251 Versus
311 3186 543 3272 Propertianus
567 3188 608 3270 ll,
633 3191 683 3267 13,
710 3190 764 3254 18:

411 3312 525 3394 Accipe
547 3335 626 3395 qrrue
649 3334 748 3378 serres
770 3314 894 3395 ferireris
916 3317 987 3376 arete
1010 3314 1076 3376 urei.

155 3420 269 3482 minus
293 3420 359 3482 huc
382 3421 530 3503 pertinet.

248 3506 353 3571 Semel
377 3508 461 3591 apud
485 3508 691 3592 Propertium
712 3510 910 3572 indicativus
932 3508 1027 3571 nobis
1052 3509 1201 3583 occurrit,
1226 3527 1335 3590 quarn-

265 3757 287 3819 ¹)
308 3757 547 3825 Supervacauenrn
571 3759 612 3810 est
640 3772 847 3812 commemorare
876 3756 905 3807 in
928 3755 1183 3824 interrogationibus
1211 3754 1330 3824 obliquis

151 3827 226 3896 alind
254 3829 357 3895 priscae
388 3829 485 3881 aetatis
513 3832 605 3895 poetas
632 3844 713 3881 usum
742 3827 886 3882 indicativi
906 3826 990 3881 multo
1008 3827 1091 3880 letius
1117 3828 1209 3896 patere
1237 3826 1335 3880 multo-

151 3916 208 3967 que
235 3898 387 3953 liberiorem
411 3902 439 3952 et
462 3898 619 3952 solutiorem
643 3914 703 3952 esse
728 3916 807 3968 quam
826 3897 900 3967 apud
924 3899 1093 3967 posteriores.
1138 3897 1234 3967 Neque
1260 3898 1334 3965 quis-

152 3986 237 4038 quam
261 3974 305 4024 est
329 3971 376 4038 qui
399 3971 506 4039 ignoret
529 3970 663 4038 imprimis
682 3971 754 4040 apud
777 3971 895 4025 comicos
919 3970 991 4023 hunc
1012 3968 1158 4024 indicativi
1176 3985 1257 4023 usum
1275 3984 1335 4021 esse

148 4042 416 4108 frequentissimum.

266 4130 288 4198 ²)
308 4129 444 4184 Observes
457 4129 540 4183 velim
559 4130 651 4185 interr.
671 4129 723 4185 obl.
743 4145 791 4198 per
809 4129 909 4197 viginti
927 4120 1025 4183 versus
1044 4130 1236 4184 continuatam.
1276 4127 1334 4197 Ap-

150 4204 235 4271 paret
253 4206 357 4270 poetam
376 4202 616 4269 interrogationum
635 4201 804 4270 obliquorum
823 4200 1024 4254 coacervatione
1043 4205 1070 4253 et
1088 4199 1207 4273 oratione
1227 4198 1336 4266 obliqua

148 4273 240 4327 nimis
259 4273 306 4327 diu
326 4271 479 4326 continuata
499 4273 647 4341 depingere
667 4272 736 4326 velle
761 4273 959 4327 interminatam
978 4275 1019 4325 tot
1041 4274 1187 4339 tantasque
1210 4286 1253 4323 res
1272 4286 1333 4338 per-

147 4344 278 4397 discendi
311 4343 489 4412 cupiditatem
513 4347 542 4397 et
566 4343 703 4397 infinitum
728 4343 813 4398 studii
836 4344 958 4397 ardorem
986 4359 1017 4397 ae
1041 4343 1180 4397 fervorem.
1223 4341 1335 4394 Rectum

145 4431 261 4485 quoque
283 4416 522 4480 interrogationem
535 4415 565 4468 in
577 4431 667 4468 rerum
680 4415 879 4470 eumneratione
893 4414 1051 4483 Propertius
1064 4414 1225 4483 permultos
1239 4428 1335 4466 versus

145 4487 331 4541 continuavit.
374 4484 413 4541 (l.
433 4486 489 4541 Cat.
511 4485 553 4549 64,
574 4487 625 4539 117
645 4501 700 4554 sq,
718 4487 747 4539 in
766 4485 864 4554 Paneg.
884 4485 919 4539 8⁸2
937 4501 1024 4553 nsque
1044 4487 1078 4541 ad
1097 4485 1140 4540 97.
