2962 5106
669 572 689 634 5

61 782 81 842 1
101 784 149 849 S.
171 783 190 844 o
207 786 238 844 et
253 780 313 858 III,
332 782 360 863 l,
386 781 434 846 14.
481 784 531 845 Ao
548 801 589 845 nc
605 783 688 845 illud
706 783 837 865 quidem
854 784 1007 859 orionem,
1024 782 1111 865 qnod
1128 783 1267 864 legimus

51 871 180 951 apud
201 869 269 935 Tib.
293 870 318 951 l,
343 878 372 949 4,
396 870 430 933 3:

355 960 441 1040 <irruo
464 963 517 1023 tau
541 960 695 1040 foaueosos
717 960 796 1039 cepit
817 958 1008 1037 sollertiam

45 1086 85 1144 (1
100 1066 180 1129 uid
216 1086 258 1131 ex
293 1086 382 1131 more
406 1066 602 1131 Graecorum
624 1067 766 1130 breviter
790 1067 909 1129 dictum
934 1072 984 1130 est
1006 1086 1077 1149 pro:
1105 1074 1266 1149 ,quaeest

46 1168 127 1215 oa
152 1155 299 1237 sollertia,
324 1161 441 1239 quatu
457 1156 614 1219 formosas
631 1157 720 1238 capis
738 1161 768 1219 et
785 1155 910 1219 tenes?'
957 1154 1040 1217 Cum
1055 1156 1266 1220 admiratione

45 1258 89 1320 q
101 1245 232 1307 tradam
261 1265 358 1309 causa
394 1247 442 1309 rei
472 1246 612 1308 alicuius
642 1244 800 1308 mirabilis
832 1263 869 1307 ao
904 1244 1062 1308 ridiculae
1091 1247 1267 1326 quaeritur,

48 1333 181 1409 quod
196 1334 292 1415 plane
304 1340 400 1417 atque
412 1339 520 1417 aperte
533 1342 665 1417 apparet
683 1352 725 1397 ex
743 1335 894 1415 sequenti
916 1334 1085 1397 enuntiato
1097 1332 1267 1409 ἀσυνδὲτως

50 1432 93 1493 p
101 1423 211 1485 osius

186 1514 264 1575 certe
286 1532 349 1575 uon
372 1511 426 1574 tibi
449 1511 542 1574 barbo
566 1512 651 1587 uitet,
673 1532 736 1575 arou
760 1510 814 1574 tibi
836 1509 918 1573 recito
943 1531 1027 1574 correo·
1050 1514 1095 1574 est
1118 1530 1165 1593 sq.

180 1618 254 1681 Uno
271 1618 341 1681 loeo
367 1617 466 1700 ,quid'
490 1624 606 1681 neutro
628 1637 746 1700 genere
763 1619 907 1701 positum
925 1618 964 1681 ad
986 1618 1170 1681 subiectum
1196 1637 1266 1699 per-

62 1706 207 1769 sonale
230 1707 437 1770 referendrnn
462 1712 510 1771 est
532 1708 619 1789 apud
644 1705 806 1770 Catullum
832 1706 862 1785 9,
889 1709 943 1768 ll:

410 1796 493 1875 Quid
514 1817 562 1859 rue
585 1795 696 1859 turtius
719 1799 764 1859 est
786 1794 963 1859 beotiusce?

59 1871 163 1947 Hoc
185 1884 256 1947 loco
282 1883 429 1948 Catullus
454 1885 644 1967 superlativi
667 1886 806 1967 gradum
829 1885 992 1966 expressit
1020 1886 1190 1948 enuntiato
1214 1887 1264 1946 in-

60 1972 295 2055 terrogativo,
317 1976 352 2036 in
377 1993 441 2057 cpuo
466 1993 643 2056 pronomen
663 1975 932 2056 interrogativum
949 1993 1023 2036 oum
1040 1976 1256 2055 comparativo

67 2063 307 2125 eorriunotunr
337 2068 394 2126 est.
452 2060 547 2137 Quod
576 2062 706 2126 dicendi
733 2081 838 2146 genus
874 2062 1070 2144 compluries
1106 2060 1264 2141 adhibuit,

74 2148 135 2211 ef.
151 2149 203 2231 31,
221 2151 256 2217 7:
282 2151 324 2214 62
340 2172 368 2215 v.
386 2151 438 2233 20,
454 2152 506 2231 24,
522 2151 575 2232 20,
591 2151 650 2219 30;
671 2152 743 2233 1οῖ,
760 2152 788 2216 ῖ.
827 2150 876 2214 Ne
893 2171 998 2213 unum
1015 2150 1147 2233 quidem
1162 2151 1263 2214 huius

76 2252 175 2303 usus
198 2240 385 2323 exemplum
409 2245 515 2303 exstat
531 2241 616 2323 apud
630 2240 794 2303 Tibullum
821 2246 852 2303 et
867 2239 1082 2322 Propertium,
1105 2242 1260 2303 nnumin

79 2320 255 2409 Sulpiciae
278 2331 369 2411 epist.
395 2329 415 2391 2
439 2350 469 2389 v.
493 2329 522 2394 3.
546 2367 588 2375 —
612 2328 652 2391 In
669 2329 836 2392 nonnullis
852 2328 1161 2410 interrogationibus
1177 2330 1262 2411 apud

82 2410 158 2481 Cat.
174 2422 206 2479 et
220 2416 317 2499 Prop.
329 2418 413 2499 ,nisi'
423 2420 565 2501 positum
578 2424 624 2480 ost
638 2423 712 2500 post
724 2418 967 2481 antecedentem
977 2418 1263 2499 interrogationem

90 2504 329 2589 adaugendam
345 2507 413 2569 viru
433 2509 627 2589 negativam,
651 2508 690 2572 ef.
708 2505 843 2587 011129,
868 2508 883 2569 1
903 2506 1007 2583 θ121ς
1027 2505 1099 2586 100,
1115 2506 1150 2571 2;
1168 2506 1262 2589 Prop.

89 2588 153 2660 III.
176 2596 227 2676 15,
249 2594 309 2663 22;
330 2594 387 2675 Ν,
410 2594 440 2675 5,
462 2596 519 2672 543
547 2597 597 2675 11,
618 2596 670 2661 56.
715 2595 754 2657 In
776 2595 936 2658 eiusmodi
952 2596 1261 2677 interrogationibus

10 2755 13 2763 ,
95 2683 180 2763 apud
212 2682 375 2747 Catullum
407 2702 587 2767 pronomen
622 2686 773 2767 interrog.
813 2685 884 2747 aliis
916 2684 1025 2747 verbis
1057 2685 1262 2766 interpositis

10 2776 13 2795 ¹
96 2788 117 2831 a
139 2790 214 2836 voce
242 2772 327 2853 ,nisi’
358 2778 518 2836 remotum
546 2778 604 2853 est,
639 2775 850 2837 coniunctum
885 2791 976 2855 pron.
1007 2775 1157 2855 interrog.
1187 2792 1261 2835 cum

99 2876 173 2924 voce
195 2861 279 2937 ,nisi'
305 2862 392 2944 apud
414 2860 620 2944 Propertium
643 2865 687 2925 ita
704 2870 740 2925 ut
757 2862 795 2924 ab
812 2864 853 2924 iis
870 2862 968 2925 altera
984 2880 1057 2944 pars
1072 2863 1262 2943 pentametri

102 2944 223 3013 initium
246 2952 359 3033 capiat.

179 3038 257 3102 Huc.
273 3038 462 3103 reierendus
478 3045 526 3103 est
537 3040 639 3121 locus,
656 3042 714 3122 qui
724 3044 830 3103 exstat
847 3040 932 3122 apud
950 3037 1114 3100 Catullum
1130 3038 1182 3117 29,
1202 3038 1260 3101 15:

381 3129 465 3209 Quid
486 3132 531 3192 est
551 3128 619 3192 olid
639 3129 769 3192 sinistro
792 3125 983 3192 liberalitas?

105 3210 153 3276 ubi
172 3218 200 3279 si
222 3217 281 3279 illa
313 3218 413 3280 verba
451 3219 487 3280 in
523 3218 751 3281 Germanicum
786 3234 968 3281 sermonem
1007 3216 1142 3280 verteris
1178 3215 1261 3295 ,nisi'

105 3304 249 3368 omissum
283 3325 354 3369 esse
392 3306 485 3370 facile
520 3307 693 3369 arbitreris.
748 3306 811 3371 Sed
845 3305 927 3387 ,alid'
963 3305 1002 3367 ad
1039 3303 1261 3368 antecedentia

103 3390 144 3467 (cl.
164 3414 214 3458 vv.
240 3395 279 3457 11
306 3396 475 3478 usquead
500 3396 723 3478 repertura.

178 3482 316 3567 Saepius
344 3484 443 3566 ,quid'
470 3486 554 3567 apud
582 3489 711 3547 nostros
745 3502 876 3567 querque
907 3492 1018 3565 poetas
1046 3500 1177 3545 causam
1207 3480 1261 3543 de-

102 3570 219 3653 signare
242 3578 275 3635 et
297 3572 396 3636 finem
419 3574 465 3636 ita
487 3579 524 3636 ut
548 3573 625 3654 ,cur'
648 3572 826 3656 particulae
855 3590 991 3634 munere
1020 3570 1176 3651 iungatur
1205 3574 1258 3633 viv

101 3676 171 3743 opus
194 3668 244 3726 est
267 3666 304 3725 ut
326 3680 526 3739 maneamne,
550 3664 589 3727 ef.
613 3661 678 3724 Cat.
703 3662 754 3743 29,
778 3662 835 3726 21;
867 3661 919 3737 92,
945 3663 1011 3723 let
1034 3662 1069 3725 4:
1100 3658 1152 3737 64,
1178 3658 1259 3723 116:

98 3744 783 3832 111111001,231155;9,1;Π,1,
822 3746 1259 3832 0:125gd.6v.2r,3t,51;

95 3834 247 3922 Panegyr.
264 3858 294 3901 v.
312 3839 391 3917 1473
415 3838 524 3922 Epigr.
549 3842 580 3922 2,
602 3840 639 3909 4;
664 3839 757 3922 Prop.
786 3838 811 3920 Ι,
833 3838 864 3918 4,
883 3841 915 3902 1:
943 3836 1066 3922 IQ—l-dz
1091 3838 1145 3917 21,
1160 3837 1194 3900 3:
1219 3835 1261 3915 II,

93 3926 133 3990 20
153 3948 205 3989 vv.
230 3929 331 4007 1-4;
357 3928 410 4009 32,
434 3929 501 3991 311
524 3927 560 4005 4ς
585 3927 643 4009 lll,
670 3930 696 4009 1,
722 3929 776 3992 13:
804 3928 833 4008 l,
858 3928 898 3990 10
916 3932 946 3990 et
966 3927 1021 3993 18:
1047 3926 1076 4007 9,
1100 3926 1136 4003 3;
1164 3929 1214 4005 ll,
1233 3927 1260 3986 1.

177 4014 328 4081 Ceterum
366 4016 482 4080 vocula
518 4019 747 4100 interrogativa
781 4016 881 4099 ,quid'
917 4017 977 4078 hoe
1020 4035 1116 4078 sensu
1154 4015 1257 4097 posita

88 4106 171 4169 nihil
193 4104 328 4189 praebet
352 4107 440 4189 qnod
463 4107 671 4170 memorabile
688 4107 739 4181 sit,
764 4107 828 4169 nisi
854 4107 941 4188 quod
957 4104 1145 4187 Propertius
1171 4103 1260 4165 solus

85 4214 157 4259 eam
182 4214 259 4257 eum
281 4196 453 4279 negatione
477 4197 650 4257 coniunxit
666 4196 737 4257 aliis
753 4194 863 4259 verbis
887 4196 972 4257 inter
996 4192 1093 4276 ,quid'
1118 4198 1149 4256 et
1173 4191 1258 4271 ,non'

10 4361 15 4383 ‚
82 4284 288 4367 interpositis
331 4285 445 4363 (veluti
477 4282 504 4365 I,
540 4284 570 4355 4,
603 4283 624 4347 3
661 4289 692 4347 et
726 4285 776 4365 12,
812 4287 841 4361 1)
880 4290 911 4347 et
946 4280 1256 4363 interrogationilurs

197 4463 219 4525 ¹)
239 4459 278 4513 Cl.
290 4458 368 4515 Ouid.
379 4460 488 4515 Heroid.
496 4458 571 4523 l'lII,
584 4460 633 4515 87:
647 4458 721 4525 Quae
735 4475 794 4512 mea
802 4457 932 4513 coelestes
942 4458 1042 4512 iniuria
1053 4456 1118 4510 lecit
1130 4457 1258 4523 iniquos?

75 4534 114 4591 cs.
135 4534 221 4587 etiam
240 4529 322 4595 Soph.
341 4530 406 4587 Oed.
425 4531 449 4583 R
477 4532 537 4584 init.
