2962 5106
644 291 650 294 ,
728 199 855 296 Tm

158 422 289 497 pretans
323 416 389 496 ,qui
420 415 544 496 utique,
581 415 637 496 qui
672 413 767 476 certe’
793 451 834 458 —
860 414 1056 496 repetendus
1089 420 1138 478 est
1166 434 1208 478 err
1225 416 1297 496 ellip

160 523 235 565 oum
260 522 318 586 pro
343 504 422 580 ,isne
447 502 514 585 qui'
545 510 602 565 aut
626 507 724 583 ,estne
747 502 801 566 ille
825 502 892 585 qui'
915 501 1023 565 Latini
1045 504 1189 567 dixerint
1213 506 1296 586 ,quin

160 592 359 656 Posteriores
396 593 568 674 scriptores
602 610 698 675 parce
726 591 899 654 admodum
928 593 981 656 usi
1013 598 1090 654 sunt
1122 593 1184 655 hoo
1214 593 1298 655 dicen

158 700 286 765 genere,
320 680 408 763 quod
427 682 540 743 tritum
562 685 659 762 atque
682 681 930 743 usitatissimum
956 686 1005 744 est
1036 681 1123 764 apud
1147 683 1287 744 oomioos

159 770 235 833 Huo
252 773 399 852 spectant
411 769 475 832 duo
486 770 550 832 loci
563 769 649 852 apud
662 768 839 832 Catullum:
867 769 919 850 64,
937 770 1000 833 180
1017 776 1048 832 ot
1074 769 1136 833 183
1164 773 1298 853 praemis

159 860 412 942 interrogatione
439 877 496 941 per
529 858 590 939 ,an'
618 859 764 921 formata.
810 858 959 922 Tibullus
995 864 1025 922 et
1053 859 1244 941 Propertius
1269 878 1298 940 pa

162 949 297 1012 tioulam
330 947 389 1029 ,ne'
425 947 488 1010 hoo
523 946 620 1010 modo
653 967 719 1009 non
744 954 995 1030 usurpaverunt.

251 1034 434 1119 Draegerus
471 1038 491 1098 l.
516 1055 614 1120 supra
636 1037 657 1098 l.
682 1036 742 1118 ,ne'
767 1038 863 1099 etiam
891 1038 1079 1120 pronomini
1107 1037 1298 1118 interrogati

162 1125 246 1188 adici
267 1144 362 1207 posse
381 1131 491 1188 censet
510 1125 647 1189 afferens
660 1143 685 1188 e.
698 1145 726 1207 g.
741 1126 859 1203 locum,
874 1127 931 1208 qui
944 1130 1053 1189 exstat
1065 1125 1151 1207 apud
1165 1123 1298 1187 Catullu

163 1214 192 1293 8,
214 1214 269 1277 15:
286 1233 451 1294 pantene—
464 1215 589 1278 sedhoo
606 1215 737 1297 quidem
753 1215 834 1296 looo,
851 1216 945 1277 ouius
953 1217 1114 1296 scriptura
1129 1215 1165 1275 iu
1172 1214 1298 1276 oodioil:

164 1307 314 1385 corrupta
338 1307 452 1384 exstat,
466 1305 575 1386 opinio
595 1305 653 1366 illa
674 1303 858 1366 confirmari
879 1322 946 1364 non
969 1307 1084 1386 potest.

251 1408 273 1471 J
274 1429 325 1472 am
337 1415 430 1472 antea
443 1411 694 1474 commemoravi
705 1409 911 1491 Propertium
929 1407 1028 1472 semel
1041 1407 1194 1470 adverbio
1207 1410 1298 1471 inter

162 1501 270 1581 gativo
290 1498 350 1580 ,ne’
363 1498 528 1561 cumulate
545 1504 577 1561 et
597 1503 723 1581 praeter
742 1499 967 1562 necessitatem
984 1497 1143 1560 adiecisse
1166 1497 1220 1579 (H,
1238 1498 1268 1579 8,
1293 1504 1298 1558 ἶ

163 1605 357 1686 eoqrrondoao
380 1603 435 1669 tter·
462 1603 537 1668 libor
559 1625 629 1667 sana
651 1604 775 1686 atsusr)

167 1715 263 1776 ouius
279 1731 361 1776 usus
383 1712 504 1776 similia
525 1712 673 1794 exempla
696 1712 789 1775 nulla
817 1712 882 1775 fere
910 1713 1126 1775 invenirmtur
1150 1711 1238 1793 apud
1262 1712 1298 1774 a]

167 1804 341 1884 scriptores
365 1806 397 1864 et
411 1806 532 1884 poetas.
579 1800 785 1882 Singularem
800 1801 936 1863 formam
952 1799 1084 1884 praebet
1100 1801 1186 1883 apud
1202 1801 1298 1863 eund

163 1895 292 1973 poetam
318 1890 411 1952 loeus
442 1891 499 1971 qui
528 1893 578 1953 est
600 1889 656 1970 IV,
680 1890 709 1966 7,
736 1889 792 1953 15:

346 1996 464 2060 Journe
487 1995 542 2059 aot
564 1995 746 2059 aeciderunt
767 1995 905 2077 oipiloois
928 2000 1004 2059 tectu
1028 1994 1171 2061 Suburae

406 2085 453 2149 Et
473 2106 544 2149 uteo
565 2085 726 2149 nocturnis
750 2086 825 2150 trita
847 2087 984 2166 fenestra
1007 2083 1108 2147 dolis?

167 2193 341 2256 Antecedit
363 2194 572 2274 interrogatio
596 2213 626 2256 v.
653 2193 693 2256 13
718 2197 749 2255 et
774 2193 829 2255 14:

340 2280 463 2360 Perfida
485 2301 541 2344 aec
562 2282 709 2362 autquarta
731 2279 838 2345 utelior
860 2281 1011 2361 sperande
1029 2278 1161 2359 paellae,

384 2368 428 2433 Io
450 2374 479 2434 te
500 2371 565 2434 iura
588 2371 669 2434 or'res
691 2390 818 2435 somnos
840 2370 949 2434 bebere
967 2368 1087 2449 potest?

255 2475 369 2559 ltaque
397 2483 470 2560 post
493 2478 779 2560 interrogationem
804 2478 874 2540 sine
890 2477 1048 2560 particula
1069 2477 1225 2558 prolatam
1249 2475 1298 2538 ali

167 2586 243 2629 oum
266 2565 326 2646 ,ne’
350 2565 509 2646 formavit,
532 2566 668 2630 fortasse
690 2586 757 2629 non
781 2566 878 2628 aliam
901 2565 941 2628 ob
966 2584 1097 2627 oausam
1121 2566 1187 2626 nisi
1214 2583 1298 2647 prof

166 2660 317 2719 metrum.
362 2654 427 2717 Hie
458 2657 546 2719 enim
574 2660 623 2718 est
650 2675 738 2718 unus
766 2654 857 2717 loeus
890 2655 925 2715 in
957 2659 1126 2736 poetarum
1158 2660 1294 2716 nostror·

145 2743 378 2823 ‚carminibus
401 2743 459 2806 ubi
489 2743 571 2806 duae
593 2744 864 2827 interrogationes
893 2761 934 2805 ex
962 2744 1083 2806 maiore
1118 2743 1218 2804 animi
1254 2763 1298 2803 mr

166 2832 328 2915 profectae
352 2850 423 2894 eam
447 2832 600 2914 praebent
622 2832 768 2909 formam,
798 2838 836 2895 ut
863 2833 952 2914 prior
981 2832 1050 2894 sine
1080 2832 1296 2913 interrogatio

168 2922 261 3004 signo
284 2919 481 3003 proferatur,
511 2921 572 3001 ,ne'
601 2922 760 3004 particula
789 2921 948 2983 adiciatur
976 2921 1153 3002 posteriori.
1206 2919 1296 2982 Poni

169 3014 280 3072 eontra
309 3009 394 3092 apud
423 3008 629 3092 Propertium
655 3011 765 3092 ipsum
795 3009 906 3073 eadem
928 3011 1061 3089 ratione,
1086 3028 1150 3090 qua
1174 3010 1262 3091 apud
1291 3013 1298 3060 t

169 3099 288 3161 tullum
323 3104 355 3160 et
383 3097 558 3179 Tibullum,
587 3100 716 3181 saepius
746 3099 955 3181 interrogatio
986 3099 1055 3160 sine
1090 3098 1250 3180 particula
1289 3146 1297 3177 ,

168 3187 379 3270 pronuntiata
395 3191 467 3270 post
482 3188 767 3269 interrogationem
791 3207 865 3250 oum
887 3206 966 3249 vooe
989 3186 1048 3267 ,ne’
1073 3188 1253 3267 formatam,
1279 3206 1298 3248 s

170 3276 249 3339 haee
290 3275 389 3338 semel
423 3277 582 3358 reperitur
613 3277 682 3339 sive
718 3278 847 3359 saepius
871 3277 1036 3358 repetitur,
1072 3276 1111 3337 of.
1137 3274 1202 3338 Cat.
1232 3276 1287 3351 43,

172 3363 224 3444 63,
247 3364 304 3438 58;
329 3364 381 3446 77,
405 3364 440 3442 33
467 3362 518 3443 64,
544 3364 607 3428 132
632 3384 677 3447 sq.
702 3365 773 3445 (,ne'
797 3370 846 3428 ter
870 3366 1069 3447 repetitum),
1093 3363 1159 3428 Tib.
1191 3362 1217 3445 Ι,
1240 3365 1298 3440 a(

171 3452 265 3537 Prop.
290 3453 315 3534 Ι,
338 3453 359 3516 8
381 3453 466 3531 init.;
491 3451 549 3534 IV,
572 3454 603 3534 3,
628 3455 683 3536 113
708 3460 765 3517 aut
789 3454 871 3516 duae
890 3453 942 3516 vel
954 3454 1064 3536 plures
1076 3455 1298 3535 interrogatio]

170 3560 228 3625 per
252 3542 310 3617 ,ne’
326 3542 468 3624 prolatae
485 3560 519 3604 se
537 3543 707 3625 excipiunt
722 3543 814 3605 nulla
830 3542 893 3604 alia
912 3543 1165 3623 interrogatione
1182 3559 1298 3623 sequar

169 3630 272 3694 veluti
294 3648 319 3693 e.
336 3651 366 3712 g.
388 3629 452 3694 Cat.
477 3630 528 3711 64,
551 3630 609 3709 283
632 3630 699 3693 Tib.
715 3630 741 3712 I,
758 3631 787 3712 9,
806 3630 862 3709 78,
876 3630 969 3714 Prop.
986 3629 1011 3711 l,
1029 3632 1080 3709 17,
1096 3631 1130 3710 7,
1146 3629 1190 3711 ΙΙ,
1202 3630 1289 3712 34,9

259 3735 397 3799 Transeo
416 3755 505 3799 nuno
530 3737 570 3799 ad
583 3737 851 3820 interrogationes
868 3757 945 3800 oum
962 3756 1042 3800 voce
1056 3751 1174 3800 nonno
1187 3737 1282 3799 forma

173 3843 255 3907 quae
279 3824 366 3907 apud
390 3822 556 3887 Catullum
579 3831 611 3889 et
633 3824 798 3888 Tibullum
821 3845 887 3888 non
903 3827 1118 3908 reperiuntur,
1142 3827 1282 3908 reperiur

283 4003 305 4070 1)
324 4001 363 4058 Cf.
388 4002 476 4058 Plaut,
510 4002 570 4058 Mil.
594 4003 620 4066 Ἰ,
645 4004 670 4068 1,
694 4003 741 4069 133
766 4003 848 4059 Mero.
872 4004 923 4072 ΙΙΙ,
947 4004 972 4072 3,
1002 4005 1045 4071 12,
1079 4002 1176 4072 Amph.
1199 4005 1237 4072 ΙΙ,
1256 4007 1281 4069 2,

173 4073 271 4129 Bacch.
289 4073 326 4135 Π,
357 4074 383 4133 3.
404 4074 452 4139 98;
486 4073 565 4127 Most.
584 4075 635 4139 111,
656 4075 681 4144 2,
709 4074 757 4141 50,
786 4075 863 4131 Cure.
883 4075 914 4139 V,
938 4076 963 4143 3,
984 4076 1026 4140 27,
1047 4075 1127 4140 alibi,
1154 4080 1283 4143 praeterea

172 4143 250 4213 Verg.
269 4144 336 4199 Aen,
355 4144 392 4213 X,
412 4146 475 4211 6733
494 4145 558 4199 Hor.
578 4144 631 4201 Sat.
650 4147 672 4211 I,
693 4146 736 4223 ld,
754 4146 797 4201 21.
