2962 5106
262 491 392 572 saepius
422 489 548 572 aliquid
570 490 819 572 vituperationis
842 490 878 551 in
907 507 941 551 se
970 487 1090 552 habent
1114 494 1145 552 et
1169 487 1439 572 exprobrationis,

260 578 431 662 pleraeque
466 583 574 641 tamen
606 578 747 641 molliter
777 582 854 641 sunt
884 577 1008 640 afflatae
1045 577 1197 660 precibus
1231 582 1328 659 atque
1362 577 1438 640 ileo-

260 668 351 731 tendi
375 671 406 730 et
429 668 581 730 movendi
597 667 743 730 animum
768 666 885 748 studio,
907 671 945 729 ut
968 667 1018 729 vis
1029 667 1242 748 ‘querelarum
1264 665 1320 729 fiat
1336 666 1438 729 flexa-

260 758 356 819 nima.
395 755 438 818 nt
467 757 504 837 si,
529 755 617 839 quod
641 761 697 818 aut
714 756 903 838 simpliciter
919 760 975 817 aut
992 756 1087 838 quasi
1103 760 1273 838 precantes
1298 756 1352 818 vel
1375 757 1438 818 im-

259 848 408 928 perantes
442 845 496 908 vel
529 846 751 927 vituperantes
792 845 828 906 in
867 863 945 907 sana
980 863 1017 906 ao
1052 844 1138 907 sicca
1178 845 1322 907 oratione
1361 865 1437 927 pro-

259 935 460 1015 nuntiamus,
493 934 529 996 in
564 933 826 1014 interrogationis
859 932 994 995 formam
1034 934 1287 1013 mutaverimus
1324 952 1437 996 nonne

259 1022 437 1086 efficiemus
468 1028 504 1085 ut
535 1023 636 1084 animi
659 1022 863 1085 audientium
886 1023 1026 1104 graviter
1053 1027 1304 1105 permoveantur
1338 1027 1436 1104 atquc

259 1111 467 1173 excitentur?
526 1109 596 1185 Quo
631 1112 668 1173 in
702 1129 819 1192 genere
861 1111 947 1173 inter
986 1130 1097 1173 omnes
1138 1110 1234 1193 longe
1272 1113 1437 1192 praestitit

258 1199 448 1282 Propertius
473 1201 530 1282 qui
554 1204 602 1263 est
626 1199 877 1263 commovendae
900 1201 1118 1262 miserationis
1141 1201 1368 1282 peritissimus.

346 1305 465 1381 Quales
498 1308 677 1390 quantique
693 1308 759 1369 sint
780 1312 889 1370 motus
917 1308 1018 1370 animi
1046 1308 1082 1369 in
1104 1306 1303 1370 carminibus
1331 1308 1434 1370 huius

255 1401 368 1478 poetae
391 1397 553 1479 impressi,
577 1397 671 1477 quale
702 1400 925 1478 quantumque
956 1397 997 1459 sit
1027 1400 1188 1458 certamen
1212 1397 1313 1458 animi
1338 1396 1434 1458 dubi-

255 1485 376 1548 tatione
410 1489 440 1547 et
478 1485 721 1567 perturbatione
756 1486 948 1562 aestuantis,
982 1484 1017 1546 id
1051 1485 1124 1548 luce
1159 1484 1278 1547 clarius
1313 1504 1355 1547 ex
1391 1486 1433 1548 iis

255 1575 425 1656 praecipue
462 1572 770 1656 interrogationibus
809 1580 951 1657 apparet,
986 1575 1021 1634 in
1059 1573 1179 1656 quibus
1212 1592 1351 1656 persona
1383 1574 1433 1636 lo·

256 1663 385 1744 quentis
401 1664 435 1724 in
455 1662 535 1725 duas
550 1666 658 1744 partes
675 1662 781 1725 divisa
796 1664 908 1726 existit
918 1663 964 1724 ita
975 1666 1013 1724 ut
1025 1663 1117 1725 alteri
1128 1666 1234 1744 partes
1252 1663 1434 1744 quaerendi

255 1753 476 1833 assignentur,
512 1751 603 1813 alteri
644 1752 837 1814 sententiam
878 1752 1063 1834 quaerentis
1104 1752 1200 1814 tacita
1240 1753 1431 1815 assensione

255 1839 493 1923 comprobandi.
554 1838 627 1902 Hoc
663 1840 771 1902 statim
805 1841 877 1902 loco
912 1839 1054 1903 breviter
1081 1840 1164 1902 illud
1198 1858 1330 1903 monere
1350 1841 1431 1902 mihi

253 1928 349 1991 liceat
364 1930 400 1990 in
415 1929 457 1991 iis
473 1929 681 2011 potissimum
695 1947 777 2010 quae
790 1930 945 1992 amatoria
960 1928 1115 2009 dicuntur
1131 1928 1331 1991 carminibus
1342 1929 1429 2010 apud

253 2015 419 2080 Catullum
434 2022 465 2080 et
482 2013 649 2079 Tibullum
671 2019 707 2078 in
723 2018 916 2081 universum
931 2018 1217 2099 interrogationem
1233 2018 1429 2080 rhetoricam

252 2105 409 2170 leniorem
432 2107 585 2187 inveniri,
608 2107 747 2169 existere
771 2108 953 2189 graviorem
982 2106 1068 2188 apud
1091 2104 1305 2188 Propertium.
1351 2105 1382 2168 N
1385 2125 1428 2168 on

252 2195 380 2260 mirum.
437 2194 538 2269 Poeta
562 2196 649 2258 1111111
672 2196 774 2275 ‚cuius
791 2214 872 2278 opus
897 2194 1036 2275 Cynthia
1060 2195 1126 2258 sola
1142 2192 1215 2256 fuit'
1240 2195 1368 2276 saepius
1392 2196 1428 2256 in

229 2285 359 2346 maius
384 2284 512 2346 extollit
535 2302 586 2346 res
611 2289 643 2346 et
665 2283 813 2346 tristibus
837 2283 945 2346 verbis
970 2283 1045 2366 agit,
1077 2284 1146 2346 sive
1166 2287 1214 2344 ira
1236 2288 1428 2364 commotus,

252 2375 411 2455 cumipse
433 2377 527 2435 canat
548 2374 572 2453 I,
597 2371 625 2452 1,
649 2371 707 2434 27:

465 2477 522 2559 ,Sit
541 2477 636 2540 modo
660 2476 790 2540 libertas
816 2496 898 2559 quae
921 2479 1000 2541 velit
1027 2480 1075 2540 ira
1097 2478 1209 2560 loqui',

252 2587 321 2648 sive
346 2589 477 2649 coactus
493 2590 581 2647 metu
598 2588 763 2648 crescente
787 2603 829 2647 ne
844 2584 953 2666 puella
977 2604 1074 2667 quam
1099 2585 1277 2668 alloquitur
1293 2587 1328 2647 in
1353 2587 1427 2648 init

251 2693 276 2736 o.
313 2672 355 2736 25
390 2673 444 2735 lib.
479 2672 527 2736 II:
566 2671 681 2754 ‚Unica
723 2677 799 2734 nata
831 2691 904 2735 meo
939 2673 1157 2755 pulcherrima
1195 2693 1273 2737 cura
1308 2674 1426 2740 dolorir

249 2761 371 2845 perfida
411 2761 468 2825 fiat
501 2763 555 2824 vel
587 2762 654 2823 iam
688 2762 773 2824 facta
807 2762 857 2823 sit.
914 2761 1015 2825 Poeta
1049 2756 1096 2823 ὑπ’
1126 2762 1348 2847 ἐνθουοιασμοῠ
1371 2783 1415 2825 κα

248 2851 370 2923 πάθους
387 2852 527 2934 speciem
553 2851 601 2913 rei
630 2851 759 2913 futurae
788 2850 890 2912 veluti
921 2851 1024 2937 oculis
1053 2851 1189 2914 offerens
1219 2853 1361 2914 concitat
1392 2860 1424 2914 et

248 2941 358 3003 videre
383 2939 446 3002 sibi
463 2939 601 3018 videtur,
625 2938 712 3020 quod
735 2957 802 3001 non
826 2943 921 3002 11111
938 2939 1035 3022 ,quod
1050 2941 1097 3002 nil
1114 2944 1162 3002 est
1177 2940 1314 3020 metuit’,
1338 2960 1424 3012 nam,

247 3033 285 3091 ut
312 3027 420 3091 Ovidii
448 3028 622 3110 praeclaris
651 3025 760 3090 verbis
789 3033 873 3108 utar,
906 3047 1026 3109 ⁷amans
1055 3048 1183 3112 semper
1211 3030 1298 3112 quod
1326 3030 1421 3097 timet

180 3109 184 3119 ’
248 3137 318 3181 1111
341 3116 443 3200 putat’
467 3115 662 3199 etgcrcdula
684 3135 736 3178 111
761 3136 850 3178 amor
874 3116 941 3182 cst'.
979 3115 1071 3180 ‘Cum
1099 3123 1207 3180 autem
1234 3126 1329 3201 poeta
1352 3118 1424 3200 ipse

247 3208 299 3269 sui
323 3207 464 3289 optimus
489 3206 531 3268 sit
553 3207 721 3287 interpres⁷
735 3203 940 3286 Propertium
957 3207 1065 3289 ipsum
1089 3206 1249 3270 dicentem
1266 3208 1420 3270 facimus:

407 3330 568 3414 ignosces
591 3330 701 3410 igitur,
725 3330 752 3391 si
778 3329 857 3412 quid
880 3330 940 3393 tibi
964 3333 1055 3394 triste
1078 3330 1181 3394 libelli
1378 3365 1381 3370 ·

443 3418 624 3482 Attulerint
639 3419 755 3480 nostri:
775 3419 871 3500 culpa
887 3420 1013 3482 timoris
1030 3418 1108 3483 erit.⁷
1134 3419 1169 3502 (Ι,
1188 3422 1237 3502 11,
1256 3420 1296 3483 19
1312 3425 1344 3483 11
1360 3421 1419 3499 203

245 3509 782 3625 nnmmmmm‘

335 3669 397 3733 Sed
420 3672 486 3732 iam
510 3669 613 3733 sentio
641 3685 693 3730 me
722 3685 793 3731 esse
822 3667 951 3751 longius
979 3673 1169 3752 provectum
1198 3675 1230 3733 11
1253 3672 1419 3753 copiosius

246 3760 427 3843 explicasse
451 3777 534 3840 quae
557 3759 649 3841 prius
672 3756 834 3818 monenda
858 3756 1017 3839 duxerim,
1042 3778 1143 3841 quam.
1162 3758 1202 3820 ad
1216 3761 1420 3842 propositum

243 3868 295 3912 1111
318 3851 545 3912 converterem.

332 3957 444 4020 Nostri
461 3971 590 4038 quoque
606 3956 726 4035 poetae,
751 3953 779 4014 si
809 3952 908 4015 animi
931 3953 1048 4017 affectu
1071 3955 1300 4037 corripiuntur,
1329 3956 1420 4038 quod

244 4048 386 4110 sentiant
409 4044 562 4127 quodque
586 4041 693 4103 animo
718 4041 839 4122 agitent
861 4042 1014 4106 alacriore
1030 4063 1067 4106 ac
1083 4044 1243 4107 viridiore
1259 4045 1419 4108 orationis

243 4135 345 4198 forma
361 4134 531 4198 enuntiare
555 4130 688 4194 student
709 4130 755 4191 ita
770 4135 808 4192 ut
823 4147 860 4192 ea
877 4150 1017 4213 quoque,
1032 4152 1115 4214 quae
1132 4137 1218 4196 certa
1234 4133 1419 4216 explorata-

243 4244 307 4306 que
339 4225 412 4301 sint,
441 4218 670 4304 interrogando
699 4219 883 4302 exprimant
913 4221 1005 4301 quasi
1028 4221 1201 4286 videantur
1227 4222 1351 4285 incerta
1380 4242 1421 4286 ac
