2962 5106
668 510 688 571 9

85 724 138 783 est
170 720 363 801 adhortatio,
402 740 485 804 quae
508 726 619 803 postea
640 724 742 804 magis
767 723 888 787 directe
915 726 1155 807 pronuntiatur,
1182 728 1264 788 ratio

83 808 183 891 plane
218 807 399 875 Catulliana
431 813 631 893 omninoque
668 812 887 894 elegiacorum
924 818 1091 895 poetarum
1126 816 1263 897 propria.

85 896 237 961 Catullus
271 900 312 962 iis
336 899 431 981 locis,
446 899 504 963 ubi
529 901 664 983 ,quidni'
685 903 804 985 posuit,
828 901 976 965 absolute
1004 904 1122 986 posuit.
1168 902 1265 966 Prae-

84 992 175 1050 terea
198 988 335 1069 ,quidni’
364 1008 440 1051 cum
468 990 677 1053 coniunctim
705 992 813 1074 potius
848 1010 947 1072 quam
980 1011 1057 1054 curn
1087 992 1264 1055 indicativo

87 1079 319 1139 constructum
342 1082 517 1160 exspectes,

178 1164 223 1226 At
247 1170 359 1228 contra
382 1166 523 1248 perbene
546 1166 766 1232 Baehrensius
783 1168 884 1250 ,quin'
909 1187 951 1231 ex
968 1168 1067 1250 ,quid’
1091 1170 1126 1230 in
1142 1168 1263 1232 Tibulli

85 1253 160 1315 loco
188 1254 283 1316 modo
307 1255 326 1316 l.
351 1256 540 1320 emendasse
568 1258 649 1319 mibi
676 1255 1021 1321 ridetur.Disseniu1n
1044 1258 1133 1320 hunc
1156 1258 1265 1320 locum

87 1343 355 1425 interpretantem
380 1347 472 1427 sequi
495 1365 562 1408 non
585 1365 728 1428 possum.

180 1430 278 1495 Nunc
302 1435 487 1497 accuratius
517 1435 678 1517 dicamus,
701 1435 862 1517 quomodo
880 1434 957 1516 ,cur'
978 1434 1135 1518 particula
1153 1440 1265 1516 poetae

86 1522 194 1583 nostri
217 1523 270 1584 usi
295 1523 368 1587 sint.

179 1625 244 1675 cur
272 1612 465 1693 particulam
491 1614 527 1674 in
557 1613 808 1695 interrogatione
836 1617 923 1675 recta
953 1619 984 1676 et
1013 1613 1145 1695 obliqua
1169 1613 1264 1694 plane

86 1698 271 1780 repudiavit
293 1699 451 1777 Tibullus
476 1700 623 1764 Catullus
647 1706 679 1764 et
694 1700 884 1784 Propertius
908 1708 1109 1784 usurparunt
1128 1703 1264 1783 saepius.

178 1787 369 1871 Propertius
395 1808 460 1851 uno
484 1790 555 1853 loco
580 1804 693 1870 quare
716 1792 827 1873 posuit
848 1789 892 1872 H,
914 1790 968 1871 24,
992 1789 1046 1853 14:

268 1876 357 1956 erod
378 1878 505 1958 qenais
526 1878 663 1960 ,qua›·e?'
686 1900 750 1943 aron
772 1879 862 1942 babet
882 1878 967 1943 tribes
989 1900 1084 1943 anaor.

180 1963 329 2028 Catullus
353 1966 481 2030 duobus
510 1968 590 2031 locis
623 1967 688 2049 (23,
712 1966 753 2031 15
777 1974 807 2031 et
837 1967 888 2049 89,
910 1969 942 2049 4)
966 1988 1023 2051 pro
1059 1967 1136 2047 ,cur'
1169 1987 1266 2031 usur-

86 2054 179 2137 pavit
210 2054 338 2136 ,quare',
366 2056 453 2138 qnod
477 2076 552 2119 curn
575 2059 785 2120 coniunctiro
810 2058 991 2138 coniunxit,
1022 2076 1097 2119 curn
1126 2060 1157 2119 et
1180 2057 1265 2119 indi-

87 2146 230 2205 cativum
259 2148 290 2206 et
318 2146 564 2208 coniunctivum
592 2148 737 2229 posuerit
766 2150 839 2228 post
874 2145 950 2226 ,cur’
979 2146 1180 2228 particulam.
1225 2145 1265 2207 ln
1320 2174 1324 2178 ·

86 2232 399 2315 interrogationibus
429 2236 526 2297 rectis
554 2235 641 2298 idern
669 2239 764 2317 poeta
793 2237 921 2318 saepius
954 2252 1033 2298 risco
1062 2233 1139 2315 ,eur'
1170 2255 1268 2317 quarn

88 2319 208 2402 ,quare’
237 2340 321 2384 usus
350 2328 407 2405 est,
437 2325 566 2406 saepius
596 2343 675 2387 soce
711 2322 829 2406 ,quare’
866 2344 963 2405 quarn
995 2324 1083 2403 ,eur',
1118 2328 1155 2384 ut
1183 2324 1269 2386 infra

89 2409 288 2491 videbimus,
314 2412 349 2473 in
373 2412 682 2496 interrogationibus
706 2412 858 2493 obliquis.

179 2498 284 2562 Semel
307 2514 379 2579 quo
405 2498 512 2580 signo
524 2504 547 2582 1)
571 2504 681 2584 posuit
705 2501 805 2564 simili
828 2501 894 2564 fere
919 2519 1100 2583 sensuque
1119 2500 1197 2581 ,cur'
1216 2502 1266 2564 vel

88 2587 228 2671 ,quare'z
258 2588 310 2669 92,
334 2589 363 2651 3.

179 2676 255 2739 Uno
277 2678 359 2759 loco,
384 2680 412 2741 si
435 2677 626 2743 Baehrensii
648 2681 821 2743 lectionem
847 2680 1025 2762 sequimur,
1055 2678 1141 2762 apud
1169 2677 1263 2760 Prop.

87 2772 198 2829 exstat
220 2768 385 2849 antiquior
408 2770 566 2851 scriptura
590 2783 695 2847 quor,
719 2768 761 2844 II,
787 2768 817 2850 6,
839 2767 880 2831 37
891 2790 897 2829 :

277 2856 361 2936 Quor·
382 2856 479 2938 tpitar
501 2856 555 2920 tibi
577 2858 716 2921 custodes
732 2878 793 2938 per
815 2855 925 2919 liuciae
943 2854 1086 2936 ymnaria?

182 2944 257 3019 ,eur’
281 2946 473 3027 particulam
503 2965 540 3008 ea
561 2946 805 3029 significatione,
822 2964 904 3028 quae
928 2946 1141 3008 usitatissima
1164 2947 1213 3006 est
1237 2948 1269 3006 et

87 3032 363 3115 frequentissima,
374 3035 394 3097 i.
408 3053 434 3097 e.
447 3054 522 3098 cum
536 3037 703 3117 <quaeritur
714 3035 753 3099 de
766 3054 863 3098 causa
879 3035 1015 3097 actionis
1028 3037 1059 3096 et
1071 3033 1110 3096 de
1122 3033 1269 3113 consilio,

89 3130 205 3205 poetae
233 3125 337 3186 nostri
369 3142 499 3205 perraro
532 3143 690 3207 usurpare
720 3125 840 3204 solent,
870 3123 908 3186 cf.
938 3122 1031 3205 Prop.
1060 3121 1103 3193 H,
1136 3121 1189 3201 32,
1223 3121 1267 3183 42

88 3215 121 3273 et
147 3210 199 3291 22,
235 3214 276 3275 15
304 3213 338 3291 (l.
362 3217 436 3276 ante
459 3213 504 3293 l),
528 3213 586 3276 ubi
610 3214 840 3277 eodemmodo
865 3218 962 3296 atque
984 3210 1071 3294 apud
1095 3210 1267 3289 Catullum,

90 3298 121 3379 6,
155 3298 210 3363 13:
247 3298 336 3364 Car?
364 3306 396 3364 et
419 3302 471 3382 92,
499 3301 519 3365 3
544 3302 582 3383 (Ι.
605 3308 679 3366 ante
702 3303 756 3383 l.):
791 3300 1138 3383 (u‹0stpao?1·eliqua
1161 3299 1268 3379 rerba,

90 3408 177 3471 quae
194 3407 236 3452 ex
252 3390 521 3454 antecedentibus
537 3390 630 3454 facile
646 3392 751 3454 audiri
768 3396 914 3473 possunt,
930 3389 1127 3457 ἐλλειπτικῶς
1148 3389 1267 3451 omissa

89 3482 180 3555 sunt,
206 3486 241 3541 ut
263 3484 330 3541 tota
353 3480 562 3561 interrogatio
586 3500 653 3543 uno
677 3480 836 3543 vocabulo
861 3483 985 3541 constet
996 3479 1028 3557 2).

180 3566 378 3650 Plerumque
394 3568 519 3652 aliquid
536 3568 782 3651 obiurgationis,
805 3568 1002 3649 iracundiae,
1021 3566 1267 3647 indignationis,

87 3656 354 3738 reprehensionis
376 3659 484 3720 inesse
502 3657 629 3721 videtur
643 3660 679 3725 in
703 3658 863 3721 eiusmodi
878 3652 1201 3738 interrogationibus:
1228 3654 1265 3717 ct'.

85 3742 157 3807 Cat.
181 3742 232 3823 23,
258 3746 313 3811 15:
341 3746 391 3827 to,
413 3746 469 3811 10:

291 3835 394 3915 (bicor
416 3856 474 3898 cur
496 3839 524 3898 tc
545 3836 607 3898 a'utu
635 3836 694 3898 ianr
719 3833 856 3915 rrrrrpb'us
878 3832 1059 3897 crcrucirs?

87 3921 149 3985 ubi
184 3924 303 4005 ,quare'
339 3925 444 3987 ricem
480 3926 639 3987 enuntiati
669 3925 871 3988 consecutiri
907 3924 1046 3985 sustinet
1076 3922 1119 3983 ita
1151 3928 1186 3983 ut
1222 3939 1263 3983 ex

84 4013 250 4075 sententia
271 4014 482 4096 praecedente
509 4014 609 4076 oratio
636 4018 779 4077 transeut
806 4014 847 4076 ad
873 4013 1169 4093 interrogationem,
1192 4011 1211 4073 i.
1237 4028 1261 4072 c.

83 4140 264 4149 ...-----.,...
282 4142 305 4147 ...
321 4141 336 4146 ..
362 4142 409 4147 ..-

198 4190 220 4257 1)
239 4189 328 4245 Simili
347 4190 425 4244 modo
444 4192 592 4258 usurpatur
609 4189 741 4244 absolute:
762 4206 814 4258 quo
829 4188 961 4243 consilio?
982 4205 1034 4256 quo
1053 4188 1123 4239 fine?
1143 4188 1190 4255 (zu
1208 4202 1263 4238 uris

81 4262 130 4314 fiir
148 4262 238 4315 einem
257 4262 380 4329 Zu‘eck?)

199 4331 222 4399 2)
241 4331 340 4385 Eadem
368 4331 472 4386 rationo
491 4348 548 4399 ,cur
575 4330 635 4384 non'
656 4332 764 4398 saepius
792 4332 862 4399 apud
890 4330 978 4384 Plaut.
1007 4332 1034 4382 et
1056 4329 1113 4382 Ter.
1143 4327 1263 4381 absoluto

85 4404 211 4474 positum
231 4404 397 4469 invenimus
425 4401 459 4457 ei.
480 4420 502 4457 c.
522 4420 547 4470 g.
566 4402 653 4455 Plaut.
673 4402 771 4455 Pseud.
791 4403 814 4459 1,
833 4404 858 4465 3,
879 4400 927 4457 84:
955 4402 1011 4454 Ter.
1031 4400 1099 4453 Eun.
1119 4398 1151 4463 Υ,
1170 4399 1195 4455 2.
1215 4400 1263 4464 59,

81 4474 228 4541 lleaut.1,
248 4475 272 4539 1,
295 4475 345 4527 111
352 4491 359 4539 ;
379 4474 462 4528 Andr.
482 4473 514 4535 V,
533 4474 558 4541 3,
580 4474 621 4535 10,
642 4472 714 4526 alibi.
